@article{journals/tacl/YangCF15,
  added-at = {2015-09-23T00:00:00.000+0200},
  author = {Yang, Bishan and Cardie, Claire and Frazier, Peter I.},
  biburl = {https://www.bibsonomy.org/bibtex/281151c5325ab45abe8d34071b2fd7d66/dblp},
  ee = {https://tacl2013.cs.columbia.edu/ojs/index.php/tacl/article/view/634},
  interhash = {e153ab60dac10252e358de6964fe2bd8},
  intrahash = {81151c5325ab45abe8d34071b2fd7d66},
  journal = {TACL},
  keywords = {dblp},
  pages = {517-528},
  timestamp = {2015-09-24T11:33:32.000+0200},
  title = {A Hierarchical Distance-dependent Bayesian Model for Event Coreference Resolution.},
  url = {http://dblp.uni-trier.de/db/journals/tacl/tacl3.html#YangCF15},
  volume = 3,
  year = 2015
}



@inproceedings{conf/acl/ClarkM16,
  added-at = {2016-08-15T00:00:00.000+0200},
  author = {Clark, Kevin and Manning, Christopher D.},
  biburl = {https://www.bibsonomy.org/bibtex/25928d36e1f2f1cf9514ebb0667978ab2/dblp},
  booktitle = {ACL (1)},
  crossref = {conf/acl/2016-1},
  ee = {http://aclweb.org/anthology/P/P16/P16-1061.pdf},
  interhash = {a6b9ece8595bdb18761f38d4c156a068},
  intrahash = {5928d36e1f2f1cf9514ebb0667978ab2},
  isbn = {978-1-945626-00-5},
  keywords = {dblp},
  publisher = {The Association for Computer Linguistics},
  timestamp = {2016-08-17T11:37:17.000+0200},
  title = {Improving Coreference Resolution by Learning Entity-Level Distributed Representations.},
  url = {http://dblp.uni-trier.de/db/conf/acl/acl2016-1.html#ClarkM16},
  year = 2016
}


@article{DBLP:journals/corr/WisemanRS16,
  author    = {Sam Wiseman and
               Alexander M. Rush and
               Stuart M. Shieber},
  title     = {Learning Global Features for Coreference Resolution},
  journal   = {CoRR},
  volume    = {abs/1604.03035},
  url={http://nlp.seas.harvard.edu/papers/corefmain.pdf},
  year      = {2016}
}

@inproceedings{Bengtson:2008:UVF:1613715.1613756,
 author = {Bengtson, Eric and Roth, Dan},
 title = {Understanding the Value of Features for Coreference Resolution},
 booktitle = {Proceedings of the Conference on Empirical Methods in Natural Language Processing},
 series = {EMNLP '08},
 year = {2008},
 location = {Honolulu, Hawaii},
 pages = {294--303},
 numpages = {10},
 url = {http://dl.acm.org/citation.cfm?id=1613715.1613756},
 acmid = {1613756},
 publisher = {Association for Computational Linguistics},
 address = {Stroudsburg, PA, USA},
} 

@inproceedings{Ng:2002:IML:1073083.1073102,
 author = {Ng, Vincent and Cardie, Claire},
 title = {Improving Machine Learning Approaches to Coreference Resolution},
 booktitle = {Proceedings of the 40th Annual Meeting on Association for Computational Linguistics},
 series = {ACL '02},
 year = {2002},
 location = {Philadelphia, Pennsylvania},
 pages = {104--111},
 numpages = {8},
 url = {https://doi.org/10.3115/1073083.1073102},
 doi = {10.3115/1073083.1073102},
 acmid = {1073102},
 publisher = {Association for Computational Linguistics},
 address = {Stroudsburg, PA, USA},
} 

@article{Soon:2001:MLA:972597.972602,
 author = {Soon, Wee Meng and Ng, Hwee Tou and Lim, Daniel Chung Yong},
 title = {A Machine Learning Approach to Coreference Resolution of Noun Phrases},
 journal = {Comput. Linguist.},
 issue_date = {December 2001},
 volume = {27},
 number = {4},
 month = dec,
 year = {2001},
 issn = {0891-2017},
 pages = {521--544},
 numpages = {24},
 url = {http://dl.acm.org/citation.cfm?id=972597.972602},
 acmid = {972602},
 publisher = {MIT Press},
 address = {Cambridge, MA, USA},
} 

@article{DBLP:journals/tacl/Martschat015,
  author = {Sebastian Martschat and Michael Strube},
  title = {Latent Structures for Coreference Resolution},
  journal = {{TACL}},
  volume = {3},
  pages = {405--418},
  year = {2015},
  url={http://aclweb.org/anthology/Q15-1029}
}

@inproceedings{DBLP:conf/emnlp/DurrettK13,
  author = {Greg Durrett and Dan Klein},
  title = {Easy Victories and Uphill Battles in Coreference Resolution},
  booktitle = {{EMNLP}},
  pages = {1971--1982},
  url={http://nlp.cs.berkeley.edu/pubs/Durrett-Klein_2013_Coreference_paper.pdf},
  publisher = {{ACL}},
  year = {2013}
}

@inproceedings{Narayanan:2004:QAB:1220355.1220455,
 author = {Narayanan, Srini and Harabagiu, Sanda},
 title = {Question Answering Based on Semantic Structures},
 booktitle = {Proceedings of the 20th International Conference on Computational Linguistics},
 series = {COLING '04},
 year = {2004},
 location = {Geneva, Switzerland},
 articleno = {693},
 url = {https://doi.org/10.3115/1220355.1220455},
 doi = {10.3115/1220355.1220455},
 acmid = {1220455},
 publisher = {Association for Computational Linguistics},
 address = {Stroudsburg, PA, USA},
} 

@InProceedings{Cross_Document_Coreference_Resolution_A_Key_Technology_for_Learning_by_Reading,
  author = "James  Mayfield and et al. ",
  title = "{Cross-Document Coreference Resolution: A Key Technology for Learning by Reading}",
  month = "March",
  year = "2009",
  booktitle = "Proceedings of the AAAI 2009 Spring Symposium on Learning by Reading and Learning to Read",
url={http://ebiquity.umbc.edu/_file_directory_/papers/442.pdf},
  publisher = "AAAI Press",
}

@inproceedings{Humphreys:1997,
 author = {Humphreys, Kevin and Gaizauskas, Robert and Azzam, Saliha},
 title = {Event Coreference for Information Extraction},
 booktitle = {Proceedings of a Workshop on Operational Factors in Practical, Robust Anaphora Resolution for Unrestricted Texts},
 series = {ANARESOLUTION '97},
 year = {1997},
 location = {Madrid, Spain},
 pages = {75--81},
 numpages = {7},
 url = {http://dl.acm.org/citation.cfm?id=1598819.1598830},
 acmid = {1598830},
 publisher = {Association for Computational Linguistics},
 address = {Stroudsburg, PA, USA},
} 

@INPROCEEDINGS{Allan:1998,
    author = {James Allan and Jaime Carbonell and George Doddington and Jonathan Yamron and Yiming Yang and James Allan Umass and Brian Archibald Cmu and Doug Beeferman Cmu and Adam Berger Cmu and Ralf Brown Cmu and Ira Carp Dragon and George Doddington Darpa and Alex Hauptmann Cmu and John Lafferty Cmu and Victor Lavrenko Umass and Xin Liu Cmu and Steve Lowe Dragon and Paul Van Mulbregt Dragon and Ron Papka Umass and Thomas Pierce Cmu and Jay Ponte Umass and Mike Scudder Umass},
    title = {Topic Detection and Tracking Pilot Study Final Report},
    booktitle = {In Proceedings of the DARPA Broadcast News Transcription and Understanding Workshop},
    year = {1998},
    pages = {194--218}
}

@inproceedings{Daniel:2003,
 author = {Daniel, Naomi and Radev, Dragomir and Allison, Timothy},
 title = {Sub-event Based Multi-document Summarization},
 booktitle = {Proceedings of the HLT-NAACL 03 on Text Summarization Workshop - Volume 5},
 series = {HLT-NAACL-DUC '03},
 year = {2003},
 pages = {9--16},
 numpages = {8},
 url = {https://doi.org/10.3115/1119467.1119469},
 doi = {10.3115/1119467.1119469},
 acmid = {1119469},
 publisher = {Association for Computational Linguistics},
 address = {Stroudsburg, PA, USA},
} 

@book{Aho:72,
    author  = {Alfred V. Aho and Jeffrey D. Ullman},
    title   = {The Theory of Parsing, Translation and Compiling},
    year    = "1972",
    volume  = "1",
    publisher = {Prentice-Hall},
    address = {Englewood Cliffs, NJ}
}

@book{APA:83,
    author  = {{American Psychological Association}},
    title   = {Publications Manual},
    year    = "1983",
   publisher = {American Psychological Association},
   address = {Washington, DC}
}

@article{ACM:83,
	author = {Association for Computing Machinery},
	year = "1983",
	journal = {Computing Reviews},
	volume = "24",
	number = "11",
	pages = "503--512"
}

@article{Chandra:81,
	author = {Ashok K. Chandra and Dexter C. Kozen and Larry J. Stockmeyer},
	year = "1981",
	title = {Alternation},
	journal = {Journal of the Association for Computing Machinery},
	volume = "28",
	number = "1",
	pages = "114--133",
	doi = "10.1145/322234.322243",
}

@book{Gusfield:97,
    author  = {Dan Gusfield},
    title   = {Algorithms on Strings, Trees and Sequences},
    year    = "1997",
    publisher = {Cambridge University Press},
    address = {Cambridge, UK}
}

@InProceedings{P16-1001,
  author =	"Goodman, James
  	 and Vlachos, Andreas
	     and Naradowsky, Jason",
  title =    "Noise reduction and targeted exploration in imitation learning for      Abstract Meaning Representation parsing    ",
  booktitle = 	    "Proceedings of the 54th Annual Meeting of the Association for      Computational Linguistics (Volume 1: Long Papers)    ",
  year =    "2016",
  publisher =	"Association for Computational Linguistics",
  pages =   "1--11",
  location =	"Berlin, Germany",
  doi =    "10.18653/v1/P16-1001",
  url =    "http://aclweb.org/anthology/P16-1001"
}

@InProceedings{C14-1001,
  author =	"Harper, Mary",
  title = 	"Learning from 26 Languages: Program Management and Science in the Babel Program",
  booktitle = 	"Proceedings of COLING 2014, the 25th International Conference on Computational Linguistics: Technical Papers",
  year =    "2014",
  publisher =	"Dublin City University and Association for Computational Linguistics",
  pages =   "1",
  location =	"Dublin, Ireland",
  url =    "http://aclweb.org/anthology/C14-1001"
}
